@article{Dabo2010,
    author = "Dabo, Ismaila and Ferretti, Andrea and Poilvert, Nicolas and Li, Yanli and Marzari, Nicola and Cococcioni, Matteo",
    title = "Koopmans' Condition for Density-Functional Theory",
    year = "2010",
    month = "September",
    journal = "Physical Review B",
    volume = "82",
    number = "11",
    pages = "115121",
    publisher = "{American Physical Society}",
    issn = "1098-0121",
    doi = "10.1103/PhysRevB.82.115121",
    note = "One of the founding Koopmans functionals papers"
}

@article{Borghi2014,
    author = "Borghi, Giovanni and Ferretti, Andrea and Nguyen, Ngoc Linh and Dabo, Ismaila and Marzari, Nicola",
    title = "Koopmans-Compliant Functionals and Their Performance against Reference Molecular Data",
    year = "2014",
    month = "August",
    journal = "Physical Review B",
    volume = "90",
    number = "7",
    pages = "075135",
    publisher = "{American Physical Society}",
    issn = "1098-0121",
    doi = "10.1103/PhysRevB.90.075135",
    note = "One of the founding Koopmans functionals papers"
}

@article{Borghi2015,
    author = "Borghi, Giovanni and Park, Cheol Hwan and Nguyen, Ngoc Linh and Ferretti, Andrea and Marzari, Nicola",
    title = "Variational Minimization of Orbital-Density-Dependent Functionals",
    year = "2015",
    month = "April",
    journal = "Physical Review B - Condensed Matter and Materials Physics",
    volume = "91",
    number = "15",
    pages = "155112",
    publisher = "{American Physical Society}",
    issn = "1550235X",
    doi = "10.1103/PhysRevB.91.155112",
    note = "Describes the algorithms underpinning the kcp.x code"
}

@article{Hamann2013,
    author = "Hamann, D. R.",
    title = "Optimized Norm-Conserving {{Vanderbilt}} Pseudopotentials",
    year = "2013",
    month = "August",
    journal = "Physical Review B - Condensed Matter and Materials Physics",
    volume = "88",
    number = "8",
    pages = "085117",
    publisher = "{American Physical Society}",
    issn = "10980121",
    doi = "10.1103/PhysRevB.88.085117",
    note = "Citation for the sg15 v1.2 pseudopotential library"
}

@article{Schlipf2015,
    author = "Schlipf, Martin and Gygi, Fran{\c c}ois",
    title = "Optimization Algorithm for the Generation of {{ONCV}} Pseudopotentials",
    year = "2015",
    month = "November",
    journal = "Computer Physics Communications",
    volume = "196",
    pages = "36--44",
    issn = "0010-4655",
    doi = "10.1016/j.cpc.2015.05.011",
    keywords = "All-electron calculation,Condensed matter,Density functional theory,Plane wave,Pseudopotential",
    note = "Citation for the sg15 v1.2 pseudopotential library"
}
